<OAI-PMH xmlns="http://www.openarchives.org/OAI/2.0/" xmlns:xsi="http://www.w3.org/2001/XMLSchema-instance" xsi:schemaLocation="http://www.openarchives.org/OAI/2.0/                                       http://www.openarchives.org/OAI/2.0/OAI-PMH.xsd                        http://www.extensiblecatalog.org/xsd/mst/1.0                                       http://www.extensiblecatalog.org/doc/MST/xsd/mst.xsd">
  <responseDate>2011-02-23T16:26:00Z</responseDate>
  <request from="1960-02-23T21:26:00Z" metadataPrefix="marcxml" until="2011-02-23T21:26:00Z" verb="ListRecords">http://localhost:8080/MetadataServicesToolkit/marcnormalization-Service/oaiRepository?verb=ListRecords</request>
  <ListRecords>
    <record>
      <header>
        <identifier>oai:mst.rochester.edu:marcnormalization/030</identifier>
        <datestamp>2011-02-23T21:25:48Z</datestamp>
      </header>
      <metadata>
	<marc:record xmlns:marc="http://www.loc.gov/MARC21/slim" xmlns:xsi="http://www.w3.org/2001/XMLSchema-instance" xsi:schemaLocation="http://www.loc.gov/MARC21/slim http://128.151.244.137:8080/OAIToolkit/schema/MARC21slim_custom.xsd">
	  <marc:leader>02110ctc a2200421 a 4500</marc:leader>
	  <marc:controlfield tag="001">32185</marc:controlfield>
	  <marc:controlfield tag="003">NRU</marc:controlfield>
	  <marc:controlfield tag="005">20070503101921.0</marc:controlfield>
	  <marc:controlfield tag="008">940523i19641972xxu                 eng d</marc:controlfield>
	  <marc:datafield ind1=" " ind2=" " tag="035">
	    <marc:subfield code="a">(OCoLC)30480373</marc:subfield>
	  </marc:datafield>
	  <marc:datafield ind1=" " ind2=" " tag="035">
	    <marc:subfield code="9">01218536</marc:subfield>
	  </marc:datafield>
	  <marc:datafield ind1=" " ind2=" " tag="040">
	    <marc:subfield code="a">RES</marc:subfield>
	    <marc:subfield code="c">RES</marc:subfield>
	  </marc:datafield>
	  <marc:datafield ind1=" " ind2=" " tag="049">
	    <marc:subfield code="a">RESM</marc:subfield>
	  </marc:datafield>
	  <marc:datafield ind1=" " ind2=" " tag="099">
	    <marc:subfield code="a">993.6</marc:subfield>
	  </marc:datafield>
	  <marc:datafield ind1=" " ind2=" " tag="099">
	    <marc:subfield code="a">993.6</marc:subfield>
	  </marc:datafield>
	  <marc:datafield ind1="1" ind2=" " tag="100">
	    <marc:subfield code="a">Hendl, Walter,</marc:subfield>
	    <marc:subfield code="d">1917-2007.</marc:subfield>
	  </marc:datafield>
	  <marc:datafield ind1="0" ind2="0" tag="245">
	    <marc:subfield code="a">Walter Hendl papers,</marc:subfield>
	    <marc:subfield code="f">1964-1972.</marc:subfield>
	  </marc:datafield>
	  <marc:datafield ind1=" " ind2=" " tag="300">
	    <marc:subfield code="a">1.0 linear ft.</marc:subfield>
	  </marc:datafield>
	  <marc:datafield ind1=" " ind2=" " tag="351">
	    <marc:subfield code="a">Organized alphabetically by subject into folders.</marc:subfield>
	  </marc:datafield>
	  <marc:datafield ind1=" " ind2=" " tag="351">
	    <marc:subfield code="3">Correspondence</marc:subfield>
	    <marc:subfield code="b">arranged alphabetically.</marc:subfield>
	  </marc:datafield>
	  <marc:datafield ind1=" " ind2=" " tag="351">
	    <marc:subfield code="3">Subject files</marc:subfield>
	    <marc:subfield code="b">arranged chronologically within each folder.</marc:subfield>
	  </marc:datafield>
	  <marc:datafield ind1=" " ind2=" " tag="520">
	    <marc:subfield code="a">Correspondence and some subject files related to Hendl's last several years at the Eastman School and to his conducting commitments with the Rochester Philharmonic Orchestra and the Chautauqua Symphony Orchestra.  Includes substantial correspondence with Sequeira Costa and David Diamond.</marc:subfield>
	  </marc:datafield>
	  <marc:datafield ind1=" " ind2=" " tag="541">
	    <marc:subfield code="a">Transferred to the Eastman School Archives in March 1993.</marc:subfield>
	  </marc:datafield>
	  <marc:datafield ind1=" " ind2=" " tag="545">
	    <marc:subfield code="a">Pianist and conductor.  Director of the Eastman School of Music, Rochester, NY, 1964-1972.</marc:subfield>
	  </marc:datafield>
	  <marc:datafield ind1=" " ind2=" " tag="561">
	    <marc:subfield code="a">Originated in the Director's Office of the Eastman School of Music; discovered in Room #1 of the Eastman Theatre in 1992.  Unknown when the materials were placed in storage, why this group has survived, or whether additional Hendl records exist.</marc:subfield>
	  </marc:datafield>
	  <marc:datafield ind1="1" ind2="0" tag="600">
	    <marc:subfield code="a">Hendl, Walter,</marc:subfield>
	    <marc:subfield code="d">1917-2007</marc:subfield>
	    <marc:subfield code="v">Archives.</marc:subfield>
	  </marc:datafield>
	  <marc:datafield ind1="1" ind2="0" tag="600">
	    <marc:subfield code="a">Costa, Sequeira</marc:subfield>
	    <marc:subfield code="v">Correspondence.</marc:subfield>
	  </marc:datafield>
	  <marc:datafield ind1="1" ind2="0" tag="600">
	    <marc:subfield code="a">Diamond, David,</marc:subfield>
	    <marc:subfield code="d">1915-2005</marc:subfield>
	    <marc:subfield code="v">Correspondence.</marc:subfield>
	  </marc:datafield>
	  <marc:datafield ind1="2" ind2="0" tag="610">
	    <marc:subfield code="a">Chautauqua Symphony Orchestra.</marc:subfield>
	  </marc:datafield>
	  <marc:datafield ind1="2" ind2="0" tag="610">
	    <marc:subfield code="a">Eastman School of Music.</marc:subfield>
	  </marc:datafield>
	  <marc:datafield ind1="2" ind2="0" tag="610">
	    <marc:subfield code="a">Rochester Philharmonic Orchestra.</marc:subfield>
	  </marc:datafield>
	  <marc:datafield ind1=" " ind2="0" tag="650">
	    <marc:subfield code="a">Musicians</marc:subfield>
	    <marc:subfield code="z">New York (State)</marc:subfield>
	    <marc:subfield code="z">Rochester</marc:subfield>
	    <marc:subfield code="v">Archives.</marc:subfield>
	  </marc:datafield>
	  <marc:datafield ind1="1" ind2="2" tag="700">
	    <marc:subfield code="a">Costa, Sequeira.</marc:subfield>
	    <marc:subfield code="t">Correspondence.</marc:subfield>
	    <marc:subfield code="k">Selections.</marc:subfield>
	    <marc:subfield code="8">1\c</marc:subfield>
	  </marc:datafield>
	  <marc:datafield ind1="1" ind2="2" tag="700">
	    <marc:subfield code="a">Diamond, David,</marc:subfield>
	    <marc:subfield code="d">1915-2005.</marc:subfield>
	    <marc:subfield code="t">Correspondence.</marc:subfield>
	    <marc:subfield code="k">Selections.</marc:subfield>
	    <marc:subfield code="8">2\c</marc:subfield>
	  </marc:datafield>
	  <marc:datafield ind1="1" ind2="2" tag="700">
	    <marc:subfield code="a">Hendl, Walter,</marc:subfield>
	    <marc:subfield code="d">1917-2007.</marc:subfield>
	    <marc:subfield code="t">Correspondence.</marc:subfield>
	    <marc:subfield code="k">Selections.</marc:subfield>
	    <marc:subfield code="8">3\c</marc:subfield>
	  </marc:datafield>
	  <marc:datafield ind1="2" ind2=" " tag="710">
	    <marc:subfield code="a">Eastman School Archives.</marc:subfield>
	    <marc:subfield code="t">Personal papers.</marc:subfield>
	  </marc:datafield>
	  <marc:datafield ind1=" " ind2=" " tag="852">
	    <marc:subfield code="a">Eastman School Archives</marc:subfield>
	    <marc:subfield code="e">27 Gibbs St., Rochester, NY 14604</marc:subfield>
	  </marc:datafield>
	  <marc:datafield ind1=" " ind2=" " tag="911">
	    <marc:subfield code="a">p</marc:subfield>
	  </marc:datafield>
	  <marc:datafield ind1=" " ind2=" " tag="966">
	    <marc:subfield code="l">/Archv</marc:subfield>
	    <marc:subfield code="m">SARCHV</marc:subfield>
	    <marc:subfield code="s">993.6</marc:subfield>
	    <marc:subfield code="c">1</marc:subfield>
	  </marc:datafield>
	  <marc:datafield ind1=" " ind2=" " tag="931">
	    <marc:subfield code="a">Text</marc:subfield>
	    <marc:subfield code="5">NRU</marc:subfield>
	  </marc:datafield>
	  <marc:datafield ind1=" " ind2=" " tag="932">
	    <marc:subfield code="a">Manuscript language material</marc:subfield>
	    <marc:subfield code="5">NRU</marc:subfield>
	  </marc:datafield>
	  <marc:datafield ind1=" " ind2=" " tag="933">
	    <marc:subfield code="a">Text</marc:subfield>
	    <marc:subfield code="5">NRU</marc:subfield>
	  </marc:datafield>
	  <marc:datafield ind1=" " ind2=" " tag="935">
	    <marc:subfield code="a">Collection</marc:subfield>
	    <marc:subfield code="5">NRU</marc:subfield>
	  </marc:datafield>
	  <marc:datafield ind1=" " ind2=" " tag="035">
	    <marc:subfield code="a">(NRU)32185</marc:subfield>
	  </marc:datafield>
	  <marc:datafield ind1=" " ind2=" " tag="937">
	    <marc:subfield code="a">Non-Fiction</marc:subfield>
	    <marc:subfield code="5">NRU</marc:subfield>
	  </marc:datafield>
	  <marc:datafield ind1=" " ind2=" " tag="941">
	    <marc:subfield code="a">eng</marc:subfield>
	    <marc:subfield code="5">NRU</marc:subfield>
	  </marc:datafield>
	  <marc:datafield ind1=" " ind2=" " tag="943">
	    <marc:subfield code="a">English</marc:subfield>
	    <marc:subfield code="5">NRU</marc:subfield>
	  </marc:datafield>
	  <marc:datafield ind1="0" ind2="0" tag="240">
	    <marc:subfield code="a">Walter Hendl papers,</marc:subfield>
	    <marc:subfield code="f">1964-1972.</marc:subfield>
	  </marc:datafield>
	  <marc:datafield ind1="1" ind2="0" tag="965">
	    <marc:subfield code="a">Hendl, Walter,</marc:subfield>
	    <marc:subfield code="d">1917-2007</marc:subfield>
	    <marc:subfield code="5">NRU</marc:subfield>
	  </marc:datafield>
	  <marc:datafield ind1="1" ind2="0" tag="965">
	    <marc:subfield code="a">Costa, Sequeira</marc:subfield>
	    <marc:subfield code="5">NRU</marc:subfield>
	  </marc:datafield>
	  <marc:datafield ind1="1" ind2="0" tag="965">
	    <marc:subfield code="a">Diamond, David,</marc:subfield>
	    <marc:subfield code="d">1915-2005</marc:subfield>
	    <marc:subfield code="5">NRU</marc:subfield>
	  </marc:datafield>
	  <marc:datafield ind1=" " ind2="0" tag="965">
	    <marc:subfield code="a">Musicians</marc:subfield>
	    <marc:subfield code="5">NRU</marc:subfield>
	  </marc:datafield>
	  <marc:datafield ind1=" " ind2="0" tag="967">
	    <marc:subfield code="z">New York (State)</marc:subfield>
	    <marc:subfield code="5">NRU</marc:subfield>
	  </marc:datafield>
	  <marc:datafield ind1=" " ind2="0" tag="967">
	    <marc:subfield code="z">Rochester</marc:subfield>
	    <marc:subfield code="5">NRU</marc:subfield>
	  </marc:datafield>
	  <marc:datafield ind1="1" ind2="0" tag="969">
	    <marc:subfield code="v">Archives.</marc:subfield>
	    <marc:subfield code="5">NRU</marc:subfield>
	  </marc:datafield>
	  <marc:datafield ind1="1" ind2="0" tag="969">
	    <marc:subfield code="v">Correspondence.</marc:subfield>
	    <marc:subfield code="5">NRU</marc:subfield>
	  </marc:datafield>
	  <marc:datafield ind1="1" ind2="2" tag="959">
	    <marc:subfield code="a">Costa, Sequeira.</marc:subfield>
	    <marc:subfield code="5">NRU</marc:subfield>
	    <marc:subfield code="8">1\c</marc:subfield>
	  </marc:datafield>
	  <marc:datafield ind1="1" ind2="2" tag="959">
	    <marc:subfield code="a">Diamond, David,</marc:subfield>
	    <marc:subfield code="d">1915-2005.</marc:subfield>
	    <marc:subfield code="5">NRU</marc:subfield>
	    <marc:subfield code="8">2\c</marc:subfield>
	  </marc:datafield>
	  <marc:datafield ind1="1" ind2="2" tag="959">
	    <marc:subfield code="a">Hendl, Walter,</marc:subfield>
	    <marc:subfield code="d">1917-2007.</marc:subfield>
	    <marc:subfield code="5">NRU</marc:subfield>
	    <marc:subfield code="8">3\c</marc:subfield>
	  </marc:datafield>
	</marc:record>

      </metadata>
    </record>
  </ListRecords>
</OAI-PMH>
